% Use this for leydenjar.gif
@misc{howstuffWorks,
    title   = "How Capacitors Work",
    url     = "http://electronics.howstuffworks.com/capacitor3.htm",
    author  = {Marshal Brain and
               Charles W. Bryant{\'e}}
}
% Use this for completeModel.png
% Use this for idealModel.png
% Use this for leakageModel.png
misc{anal_capProps,
    title   = "Ask the Applications Engineer - 21",
    url     = "http://www.analog.com/library/analogDialogue/Anniversary/21.html",
    author  = "Steve Guinta",
}

% Use this for da_model.gif
% This is already in bib.bib
article{rap_da,
    author  = "Robert A. Pease",
    title   = "What's All This soakage Stuff, Anyhow?",
    journal = "Electronic Design",
    year    = "1998",
    month   = "May"
}
% Use this for capModel_discComp.png
book{disc_comp,
   author  = "F. F. Mazda",
   title   = "Discrete Electronic Components",
   year    = "1981",
   publisher = "Cambridge University Press"
}

% Use this for df_vs_freq.png
@misc{capSite_df_vs_freq,
    author  = "Douglas Adams",
    url     = "http://my.execpc.com/~endlr/Df_vs_f.gif",
    title   = "Introduction to Capacitors",
    year    = "2009",
    month   = "September"
}
% Use this for df_vs_temp.png
@misc{capSite_df_vs_temp,
    author  = "Douglas Adams",
    url     = "http://my.execpc.com/~endlr/DF_VS_T2.GIF",
    title   = "Introduction to Capacitors",
    year    = "2009",
    month   = "September"
}
