@misc{capSite_df_vs_temp,
	Author = {Douglas Adams},
	Date-Added = {2014-02-01 18:11:55 +0000},
	Date-Modified = {2014-02-01 18:21:38 +0000},
	Keywords = {Capacitor},
	Lastchecked = {2/1/2014},
	Month = {September},
	Title = {Introduction to Capacitors},
	Url = {http://my.execpc.com/~endlr/},
	Urldate = {9/14/2009},
	Year = {2009},
	Bdsk-Url-1 = {http://my.execpc.com/~endlr/}}

