%% This BibTeX bibliography file was created using BibDesk.
%% http://bibdesk.sourceforge.net/


%% Created for Michael DeLibero at 2015-07-12 09:56:06 -0400 


%% Saved with string encoding Unicode (UTF-8) 



@misc{expFit,
	Author = {Jeffrey Hokanson},
	Date-Added = {2015-07-12 13:20:23 +0000},
	Date-Modified = {2015-07-12 13:21:22 +0000},
	Howpublished = {\url{https://github.com/jeffrey-hokanson/exponential_fitting_code}},
	Keywords = {Regression},
	Month = {November},
	Title = {Exponential Fitting Code},
	Year = {2013}}

@misc{welsch2001directionally,
	Author = {Welsch, Gerhard and McGervey, Donald},
	Month = may # {~1},
	Note = {US Patent 6,226,173},
	Publisher = {Google Patents},
	Title = {Directionally-grown capacitor anodes},
	Year = {2001}}

@misc{idiot_defibrillator,
	Author = {Mark W. Kroll, Karl Kroll, Byron Gilman},
	Date-Added = {2015-07-03 15:34:04 +0000},
	Date-Modified = {2015-07-03 15:35:59 +0000},
	Institution = {IEEE},
	Keywords = {Capacitor, Defrillator},
	Lastchecked = {7/2/2015},
	Title = {Idiot-Proofing the Defribrillator},
	Url = {http://spectrum.ieee.org/biomedical/devices/idiotproofing-the-defibrillator},
	Year = {2008},
	Bdsk-Url-1 = {http://spectrum.ieee.org/biomedical/devices/idiotproofing-the-defibrillator}}

@article{shephard1961design,
	Author = {Shephard, RJ},
	Journal = {British heart journal},
	Number = {1},
	Pages = {7},
	Publisher = {BMJ Group},
	Title = {The design of a cardiac defibrillator},
	Volume = {23},
	Year = {1961}}

@article{thounthong2006control,
	Author = {Thounthong, Phatiphat and Ra{\"e}l, St{\'e}phane and Davat, Bernard},
	Journal = {Journal of Power Sources},
	Number = {1},
	Pages = {806--814},
	Publisher = {Elsevier},
	Title = {Control strategy of fuel cell/supercapacitors hybrid power sources for electric vehicle},
	Volume = {158},
	Year = {2006}}

@inproceedings{dclink,
	Author = {Wen, H. and Xiao, W. and Xuhui Wen},
	Booktitle = {Industrial Electronics (ISIE), 2012 IEEE International Symposium on},
	Doi = {10.1109/ISIE.2012.6237308},
	Issn = {2163-5137},
	Keywords = {electric vehicles;electrolytic capacitors;motor drives;permanent magnet motors;power capacitors;DC-link capacitor applications;ESR;EV application;battery ripple current limit;capacitor equivalent series resistance;capacitor power loss;capacitor type;comparative evaluation;core temperature;cost;dynamic modeling;electric vehicle drive systems;electrolytic capacitors;film capacitors;lifetime;load power factor;modulation strategy;permanent-magnet motor drive system;power 80 kW;power density;reliability;ripple current;system performance;Batteries;Capacitors;Films;Inverters;Modulation;Reactive power;Temperature;Dc-Link Capacitor;Electric Vehicle;Parasitic Inductance;Power Density;Ripple Current Stress},
	Month = {May},
	Pages = {1472-1477},
	Title = {Comparative evaluation of DC-link capacitors for electric vehicle application},
	Year = {2012},
	Bdsk-Url-1 = {http://dx.doi.org/10.1109/ISIE.2012.6237308}}

@techreport{bbc_chebyshev,
	Author = {Research Department},
	Date-Added = {2015-06-26 15:53:47 +0000},
	Date-Modified = {2015-06-26 22:16:37 +0000},
	Institution = {BBC},
	Key = {bbc_chebyshev},
	Keywords = {Chebyshev},
	Number = {10},
	Title = {Expansion of Functions in Terms of Chebyshev Polynomials},
	Type = {Report},
	Year = {1969}}

@book{cuth_regression,
	Author = {Thomas R. Cuthbert Jr.},
	Date-Added = {2015-06-26 15:50:21 +0000},
	Date-Modified = {2015-06-26 15:51:59 +0000},
	Keywords = {Levy, Modeling, Chebyshev, Clenshaw},
	Publisher = {Wiley and Sons},
	Title = {Circuit Design Using Personal Computers},
	Url = {http://ethw.org/images/9/9d/Circuit_design_using_personal_computers.pdf},
	Year = {1983},
	Bdsk-Url-1 = {http://ethw.org/images/9/9d/Circuit_design_using_personal_computers.pdf}}

@article{gao_blackBox,
	Author = {Rong Gao and Mekonnen, Y.S. and Beyene, W.T. and Schutt-Aine, J.E.},
	Doi = {10.1109/TADVP.2005.846928},
	Issn = {1521-3323},
	Journal = {Advanced Packaging, IEEE Transactions on},
	Keywords = {Chebyshev approximation;Legendre polynomials;passive networks;rational functions;time-domain analysis;transfer functions;Chebyshev polynomials;Clenshaws recurrence algorithm;Legendre;Vandermonde matrix;black box modeling;numerical stability;orthogonal polynomials;passive systems;poles;rational function approximation;transfer function approximation;Chebyshev approximation;Circuit simulation;Frequency domain analysis;Frequency measurement;Function approximation;Interpolation;Linear systems;Polynomials;Time domain analysis;Transfer functions;Chebyshev polynomials;Legendre;Vandermonde matrix;orthogonal polynomials;power series;rational interpolation;transfer function},
	Month = {May},
	Number = {2},
	Pages = {209-215},
	Title = {Black-box modeling of passive systems by rational function approximation},
	Volume = {28},
	Year = {2005},
	Bdsk-Url-1 = {http://dx.doi.org/10.1109/TADVP.2005.846928}}

@misc{wolf_cheby,
	Date-Added = {2015-06-26 10:05:00 +0000},
	Date-Modified = {2015-06-26 10:05:00 +0000},
	Howpublished = {\url{http://mathworld.wolfram.com/ChebyshevPolynomialoftheFirstKind.html}},
	Key = {wolf_cheby},
	Keywords = {Modeling, Chebyshev},
	Lastchecked = {6/26/2015},
	Title = {Chebyshev Polynomials of the First Kind},
	Url = {http://mathworld.wolfram.com/ChebyshevPolynomialoftheFirstKind.html},
	Year = {2015},
	Bdsk-Url-1 = {http://mathworld.wolfram.com/ChebyshevPolynomialoftheFirstKind.html}}

@misc{AD8302_AppNote,
	Author = {Matthew Pilotte},
	Date-Added = {2015-06-25 11:30:00 +0000},
	Date-Modified = {2015-06-25 11:30:00 +0000},
	Key = {AD8302_AppNote},
	Keywords = {Phase},
	Lastchecked = {6/25/2015},
	Title = {Operation of RF Detector Products at Low Frequency: AN-691},
	Url = {http://www.analog.com/media/en/technical-documentation/application-notes/AN-691.pdf},
	Year = {2005},
	Bdsk-Url-1 = {http://www.analog.com/media/en/technical-documentation/application-notes/AN-691.pdf}}

@misc{ltspice,
	Date-Added = {2015-06-24 21:49:10 +0000},
	Date-Modified = {2015-06-24 21:49:51 +0000},
	Howpublished = {\url{http://www.linear.com/designtools/software/#LTspice}},
	Key = {ltspice},
	Keywords = {Simulation, Modeling},
	Lastchecked = {6/24/2015},
	Month = {June},
	Title = {LTSpice IV},
	Url = {http://www.linear.com/designtools/software/#LTspice},
	Year = {2015},
	Bdsk-Url-1 = {http://www.linear.com/designtools/software/#LTspice}}

@misc{simSurfing,
	Date-Added = {2015-06-24 21:30:51 +0000},
	Date-Modified = {2015-06-24 21:41:23 +0000},
	Howpublished = {\url{http://ds.murata.co.jp/software/simsurfing/en-us/index.html?intcid5=com_xxx_xxx_cmn_nv_xxx}},
	Key = {simSurfing},
	Keywords = {Modeling},
	Lastchecked = {6/24/2015},
	Title = {Sim Surfing},
	Url = {http://ds.murata.co.jp/software/simsurfing/en-us/index.html?intcid5=com_xxx_xxx_cmn_nv_xxx},
	Bdsk-Url-1 = {http://ds.murata.co.jp/software/simsurfing/en-us/index.html?intcid5=com_xxx_xxx_cmn_nv_xxx}}

@manual{locAppNote,
	Date-Added = {2015-06-24 14:43:33 +0000},
	Date-Modified = {2015-06-26 22:10:51 +0000},
	Key = {locAppNote},
	Keywords = {Optocoupler},
	Lastchecked = {6/24/2015},
	Month = {September},
	Organization = {IXYS},
	Title = {LOC Series Linear Optocouplers Application Note: AN-107},
	Url = {http://www.ixysic.com/home/pdfs.nsf/www/AN-107.pdf/$file/AN-107.pdf},
	Year = {2013},
	Bdsk-Url-1 = {http://www.ixysic.com/home/pdfs.nsf/www/AN-107.pdf/$file/AN-107.pdf}}

@misc{webench,
	Date-Added = {2015-06-24 14:11:52 +0000},
	Date-Modified = {2015-06-24 14:29:43 +0000},
	Howpublished = {\url{http://www.ti.com/lsds/ti/analog/webench/webench-filters.page}},
	Key = {webench},
	Keywords = {Filter},
	Lastchecked = {6/24/2015},
	Title = {WEBENCH Filter Designer},
	Url = {http://www.ti.com/lsds/ti/analog/webench/webench-filters.page},
	Bdsk-Url-1 = {http://www.ti.com/lsds/ti/analog/webench/webench-filters.page}}

@misc{kirk_skey,
	Author = {James Karki},
	Date-Added = {2015-06-24 14:02:39 +0000},
	Date-Modified = {2015-06-24 14:04:12 +0000},
	Howpublished = {Online},
	Keywords = {Filter, Sallen-Key},
	Lastchecked = {6/24/2015},
	Month = {September},
	Title = {Analysis of the Sallen-Key Architecture},
	Url = {http://www.ti.com/lit/an/sloa024b/sloa024b.pdf},
	Year = {2002},
	Bdsk-Url-1 = {http://www.ti.com/lit/an/sloa024b/sloa024b.pdf}}

@article{skey,
	Author = {Sallen, R.P. and Key, E.L.},
	Doi = {10.1109/TCT.1955.6500159},
	Issn = {0096-2007},
	Journal = {Circuit Theory, IRE Transactions on},
	Month = {March},
	Number = {1},
	Pages = {74-85},
	Title = {A practical method of designing RC active filters},
	Volume = {2},
	Year = {1955},
	Bdsk-Url-1 = {http://dx.doi.org/10.1109/TCT.1955.6500159}}

@manual{5VswitchDatasheet,
	Date-Added = {2015-06-23 18:59:03 +0000},
	Date-Modified = {2015-06-26 22:11:48 +0000},
	Keywords = {Datasheet, Power Supply},
	Month = {July},
	Organization = {Lambda},
	Title = {PXE Series (Dual Output) DC-DC Converters},
	Url = {http://www.us.tdk-lambda.com/ftp/Manuals/pxe_dual_ins.pdf},
	Year = {2005},
	Bdsk-Url-1 = {http://www.us.tdk-lambda.com/ftp/Manuals/pxe_dual_ins.pdf}}

@conference{welsch22nd,
	Author = {Welsch, GE},
	Booktitle = {The 22nd Advanced Aerospace Materials and Processes (AeroMat) Conference and Exposition},
	Month = {May},
	Organization = {ASM},
	Title = {Doped Titanium for Forming Capacitors with High Energy Density.},
	Year = {2011}}

@phdthesis{ki2005titanium,
	Author = {Ki, Jun-Wan},
	School = {Case Western Reserve University},
	Title = {Titanium sponge on titanium substrate for titanium electrolytic capacitor anodes},
	Year = {2005}}

@mastersthesis{corwin2013synthesis,
	Author = {CORWIN, PETER},
	Date-Modified = {2015-06-26 22:12:29 +0000},
	School = {Case Western Reserve University},
	Title = {Synthesis and Characterization of Titanium Zirconium Based Alloys for Capacitor Use},
	Year = {2013}}

@article{kobayashi1995mechanical,
	Author = {Kobayashi, Equo and Matsumoto, Shigeru and Yoneyama, Takayuki and Hamanaka, Hitoshi and others},
	Journal = {Journal of biomedical materials research},
	Number = {8},
	Pages = {943--950},
	Publisher = {Wiley Online Library},
	Title = {Mechanical properties of the binary titanium-zirconium alloys and their potential for biomedical materials},
	Volume = {29},
	Year = {1995}}

@article{fast1939transition,
	Author = {Fast, JD},
	Journal = {Recueil des Travaux Chimiques des Pays-Bas},
	Number = {11},
	Pages = {973--983},
	Publisher = {Wiley Online Library},
	Title = {The transition point diagram of the zirconium-titanium system},
	Volume = {58},
	Year = {1939}}

@article{electrochem_intro,
	Author = {Miller, J.R.},
	Doi = {10.1109/MEI.2010.5511188},
	Issn = {0883-7554},
	Journal = {Electrical Insulation Magazine, IEEE},
	Keywords = {electrolytic capacitors;supercapacitors;component engineer;electrochemical capacitor technology;material scientists;Capacitors;electrochemical capacitor, electric double-layer capacitor, electrolytic capacitor, supercapacitor, ultracapacitor, DLC, EDLC, EC},
	Month = {July},
	Number = {4},
	Pages = {40-47},
	Title = {Introduction to electrochemical capacitor technology},
	Volume = {26},
	Year = {2010},
	Bdsk-Url-1 = {http://dx.doi.org/10.1109/MEI.2010.5511188}}

@misc{avx_hist,
	Annote = {Source: International Directory of Company Histories, Vol.67. St. James Press, 2005.},
	Date-Added = {2015-06-21 21:42:37 +0000},
	Date-Modified = {2015-06-26 22:18:15 +0000},
	Howpublished = {\url{http://www.fundinguniverse.com/company-histories/avx-corporation-history/}},
	Key = {avx_hist},
	Keywords = {Capacitor, AVX, History},
	Lastchecked = {6/21/2015},
	Title = {AVX Corporation History},
	Url = {http://www.fundinguniverse.com/company-histories/avx-corporation-history/},
	Bdsk-Url-1 = {http://www.fundinguniverse.com/company-histories/avx-corporation-history/}}

@article{levy_iter,
	Author = {Sanathanan, C.K. and Koerner, J.},
	Doi = {10.1109/TAC.1963.1105517},
	Issn = {0018-9286},
	Journal = {Automatic Control, IEEE Transactions on},
	Keywords = {Linear systems;Transfer functions;Equations;Frequency response;Image analysis;Laboratories;Minimization methods;Polynomials;Transfer functions;Writing},
	Month = {Jan},
	Number = {1},
	Pages = {56-58},
	Title = {Transfer function synthesis as a ratio of two complex polynomials},
	Volume = {8},
	Year = {1963},
	Bdsk-Url-1 = {http://dx.doi.org/10.1109/TAC.1963.1105517}}

@article{beyene_uwave,
	Author = {Beyene, W.T.},
	Doi = {10.1109/22.910554},
	Issn = {0018-9480},
	Journal = {Microwave Theory and Techniques, IEEE Transactions on},
	Keywords = {Butterworth filters;Chebyshev approximation;discrete Fourier transforms;interpolation;low-pass filters;microwave measurement;network analysers;poles and zeros;rational functions;time-domain analysis;Beatty structure;Chebyshev polynomials;discrete Fourier transform;low-pass Butterworth filter;network analyzer;numerical instability;parametric model;pole-residue model;pole-residue representation;power series;rational function;robust rational interpolation technique;time-domain measurements;time-domain response;Chebyshev approximation;Computer networks;Discrete Fourier transforms;Frequency domain analysis;Frequency measurement;Interpolation;Polynomials;Power system modeling;Robustness;Time domain analysis},
	Month = {Mar},
	Number = {3},
	Pages = {500-508},
	Title = {Improving time-domain measurements with a network analyzer using a robust rational interpolation technique},
	Volume = {49},
	Year = {2001},
	Bdsk-Url-1 = {http://dx.doi.org/10.1109/22.910554}}

@article{boyd1989bisection,
	Author = {Boyd, S and Balakrishnan, V and Kabamba, P},
	Journal = {Mathematics of Control, Signals and Systems},
	Number = {3},
	Pages = {207--219},
	Publisher = {Springer-Verlag},
	Title = {A bisection method for computing the H∞ norm of a transfer matrix and related problems},
	Volume = {2},
	Year = {1989}}

@article{neu_ModelSynth,
	Author = {Neumayer, Roland and Stelzer, A. and Haslinger, F. and Weigel, R.},
	Doi = {10.1109/TMTT.2002.805296},
	Issn = {0018-9480},
	Journal = {Microwave Theory and Techniques, IEEE Transactions on},
	Keywords = {equivalent circuits;microwave circuits;multiport networks;passive networks;time-domain analysis;equivalent circuit model;frequency-dependent parameters;multiport circuit;passive microwave circuit;time domain analysis;Admittance;Character generation;Circuit synthesis;Equivalent circuits;Frequency synthesizers;Impedance;Microwave circuits;Microwave generation;Microwave theory and techniques;Time domain analysis},
	Month = {Dec},
	Number = {12},
	Pages = {2789-2796},
	Title = {On the synthesis of equivalent-circuit models for multiports characterized by frequency-dependent parameters},
	Volume = {50},
	Year = {2002},
	Bdsk-Url-1 = {http://dx.doi.org/10.1109/TMTT.2002.805296}}

@article{van1996continuous,
	Author = {Van Overschee, Peter and De Moor, Bart},
	Journal = {Signal Processing},
	Number = {2},
	Pages = {179--194},
	Publisher = {Elsevier},
	Title = {Continuous-time frequency domain subspace system identification},
	Volume = {52},
	Year = {1996}}

@inproceedings{Neu_CompCurve,
	Annote = {doi=10.1109 EUMC.2003.1262823},
	Author = {Neumayer, Roland and Stelzer, A. and Weigel, R.},
	Booktitle = {Microwave Conference, 2003. 33rd European},
	Date-Added = {2015-05-02 15:07:09 +0000},
	Date-Modified = {2015-05-02 15:09:12 +0000},
	Keywords = {Regression;S-parameters;SPICE;broadband networks;curve fitting;frequency-domain analysis;integrated circuit modelling;microwave integrated circuits;passive networks;CPU time;broadband linear network;circuit modeling;complex curve fitting;extraction;frequency domain;frequency-domain network parameters;frequency-domain subspace identification algorithm;microwave devices;microwave theory;passive circuit;transient simulation;Character generation;Circuit simulation;Curve fitting;Data mining;Frequency domain analysis;Microwave devices;Microwave generation;Microwave measurements;Microwave theory and techniques;Passive circuits},
	Month = {Oct},
	Pages = {1007-1010 Vol.3},
	Title = {A comparison of complex curve fitting and subspace identification algorithm for circuit modeling using frequency domain data},
	Volume = {3},
	Year = {2003}}

@article{levy,
	Annote = {http://ieeexplore.ieee.org/xpl/articleDetails.jsp?tp=&arnumber=6429401&queryText%3Dcomplex+curve+fitting+levy},
	Author = {Levy, E. C.},
	Date-Added = {2015-04-20 11:53:26 +0000},
	Date-Modified = {2015-04-20 11:56:22 +0000},
	Journal = {Automatic Control, IRE Transactions on},
	Keywords = {Regression},
	Number = {1},
	Pages = {37-44},
	Title = {Complex-curve Fitting},
	Volume = {AC-4},
	Year = {1959}}

@article{absCircuit,
	Author = {Moshe Gerstenhaber, Reem Malik},
	Date-Added = {2015-02-15 20:04:58 +0000},
	Date-Modified = {2015-06-24 20:10:52 +0000},
	Journal = {Back Burner},
	Lastchecked = {6/24/2015},
	Month = {April},
	Number = {04},
	Title = {More Value from your Absolute Value Circuit},
	Url = {http://www.analog.com/library/analogDialogue/archives/44-04/absolute.html/absolute.pdf},
	Volume = {44},
	Year = {2010},
	Bdsk-Url-1 = {http://www.analog.com/library/analogDialogue/archives/44-04/absolute.html/absolute.pdf}}

@conference{my_ieeePaper,
	Author = {Michael DeLibero, Steven Ehret, Francis Merat},
	Booktitle = {Energytech, 2012 IEEE},
	Date-Added = {2015-01-31 22:53:04 +0000},
	Date-Modified = {2015-01-31 22:58:32 +0000},
	Keywords = {anodisation;electrodes;electrolytic capacitors;leakage currents;titanium;anodization;current 0 mA to 100 mA;electrolytic capacitor;leakage current;sputtered titanium-zirconium capacitor;titanium electrode;voltage 30 V;Anodes;Capacitors;Current measurement;Instruments;Titanium;Transistors;Voltage measurement},
	Month = {May},
	Organization = {IEEE},
	Title = {Instrumentation For The Anodization and Characterization of Titanium Electrodes for Electrolytic Capacitors},
	Year = {2012}}

@phdthesis{steve_thesis,
	Author = {Steven Ehret},
	Date-Added = {2015-01-31 22:50:00 +0000},
	Date-Modified = {2015-01-31 22:51:48 +0000},
	Keywords = {Capacitor, Anodization},
	Month = {January},
	School = {Case Western Reserve University},
	Title = {Instrumentation For Anodization and In-Situ Testing of Titanium Alloys for Capacitor Anodes},
	Type = {Masters Thesis},
	Year = {2012}}

@misc{radio_elec,
	Author = {Ian Poole},
	Date-Added = {2014-11-28 14:52:50 +0000},
	Date-Modified = {2014-11-28 14:53:59 +0000},
	Keywords = {Electrolytic},
	Lastchecked = {11/28/2014},
	Title = {Aluminum Electrolytic Capacitors},
	Url = {http://www.radio-electronics.com/info/data/capacitor/electrolytic-capacitor.php},
	Bdsk-Url-1 = {http://www.radio-electronics.com/info/data/capacitor/electrolytic-capacitor.php}}

@misc{wiki_elec,
	Date-Added = {2014-11-17 23:42:23 +0000},
	Date-Modified = {2014-11-18 00:17:31 +0000},
	Howpublished = {\url{http://en.wikipedia.org/wiki/Electrolytic_capacitor}},
	Key = {wiki_elec},
	Keywords = {Electrolytic},
	Lastchecked = {11/14/2014},
	Title = {Electrolytic Capacitor},
	Url = {http://en.wikipedia.org/wiki/Electrolytic_capacitor},
	Urldate = {11/5/2014},
	Bdsk-Url-1 = {http://en.wikipedia.org/wiki/Electrolytic_capacitor}}

@misc{wiki_cer,
	Date-Added = {2014-11-12 01:10:52 +0000},
	Date-Modified = {2014-11-12 01:14:07 +0000},
	Howpublished = {\url{http://en.wikipedia.org/wiki/Ceramic_capacitor#Class_3_ceramic_capacitors}},
	Key = {wiki_cer},
	Keywords = {Capacitor, Ceramic},
	Lastchecked = {11/11/2014},
	Month = {November},
	Title = {Ceramic Capacitor},
	Url = {http://en.wikipedia.org/wiki/Ceramic_capacitor#Class_3_ceramic_capacitors},
	Year = {2014},
	Bdsk-Url-1 = {http://en.wikipedia.org/wiki/Ceramic_capacitor#Class_3_ceramic_capacitors}}

@webpage{rad_cde,
	Author = {Ernst Erb},
	Date-Added = {2014-10-12 13:02:39 +0000},
	Date-Modified = {2014-10-12 13:05:48 +0000},
	Keywords = {Capacitor, CDE, Mica},
	Lastchecked = {10/12/2014},
	Title = {History of the Radio Manufacturer Cornell-Dubilier Electric, Seattle (WA)},
	Url = {http://www.radiomuseum.org/dsp_hersteller_detail.cfm?company_id=7839},
	Urldate = {10/12/2014},
	Bdsk-Url-1 = {http://www.radiomuseum.org/dsp_hersteller_detail.cfm?company_id=7839}}

@book{jungCook,
	Annote = {ISBN: 0-672-20969-1},
	Author = {Walter G. Jung},
	Date-Added = {2014-06-01 01:26:24 +0000},
	Date-Modified = {2014-06-01 01:27:01 +0000},
	Edition = {1},
	Keywords = {Op Amp},
	Publisher = {Howard W. Sams and Co., Inc.},
	Title = {IC op-amp Cookbook},
	Year = {1974}}

@misc{srsManual,
	Date-Added = {2014-05-31 22:01:22 +0000},
	Date-Modified = {2014-05-31 22:36:34 +0000},
	Howpublished = {\url{http://www.thinksrs.com/downloads/PDFs/Manuals/PS300m.pdf}},
	Key = {srsManual},
	Keywords = {Power Supply},
	Lastchecked = {5/31/2014},
	Title = {Series PS300 High Voltage Power Supplies},
	Url = {http://www.thinksrs.com/downloads/PDFs/Manuals/PS300m.pdf},
	Bdsk-Url-1 = {http://www.thinksrs.com/downloads/PDFs/Manuals/PS300m.pdf}}

@misc{srsCatalog,
	Date-Added = {2014-05-31 22:00:15 +0000},
	Date-Modified = {2014-05-31 22:36:42 +0000},
	Howpublished = {\url{http://www.thinksrs.com/downloads/PDFs/Catalog/PS300c.pdf}},
	Key = {srsCatalog},
	Keywords = {Power Supply},
	Lastchecked = {5/31/2014},
	Title = {High Voltage Power Supplies},
	Url = {http://www.thinksrs.com/downloads/PDFs/Catalog/PS300c.pdf},
	Bdsk-Url-1 = {http://www.thinksrs.com/downloads/PDFs/Catalog/PS300c.pdf}}

@url{murCaps,
	Date-Added = {2014-05-31 17:57:05 +0000},
	Date-Modified = {2014-05-31 17:58:51 +0000},
	Keywords = {Capacitor, Measurement, Modeling},
	Lastchecked = {5/31/2014},
	Title = {Capacitance and Dissipation Factor Measurement of Chip Multilayer Ceramic Capacitors},
	Url = {http://www.murata.com/products/capacitor/design/faq/mlcc/images/sokutei.pdf},
	Urldate = {September 2005},
	Bdsk-Url-1 = {http://www.murata.com/products/capacitor/design/faq/mlcc/images/sokutei.pdf}}

@manual{maxSwEff,
	Date-Added = {2014-05-18 23:10:24 +0000},
	Date-Modified = {2015-06-26 22:09:51 +0000},
	Key = {MaximDCDC},
	Keywords = {Capacitor, DCDC, PSU, Efficiency, ESR},
	Lastchecked = {5/18/2014},
	Month = {December},
	Organization = {Maxim Integrated},
	Title = {An Efficiency Primer for Switch-Mode, DCDC Converter Power Supplies},
	Url = {http://www.maximintegrated.com/app-notes/index.mvp/id/4266},
	Year = {2008},
	Bdsk-Url-1 = {http://www.maximintegrated.com/app-notes/index.mvp/id/4266}}

@book{tantMis,
	Annote = {ISBN	0549690379, 9780549690375},
	Author = {Brian Holman},
	Date-Added = {2014-05-03 16:48:53 +0000},
	Date-Modified = {2014-05-03 16:51:20 +0000},
	Keywords = {Capacitor, Tantalum, History},
	Publisher = {ProQuest LLC},
	Title = {The Electrical Characterization of Tantalum Capacitors as MIS Devices},
	Year = {2008}}

@misc{spragueHist,
	Date-Added = {2014-05-03 16:11:50 +0000},
	Date-Modified = {2014-05-03 17:00:38 +0000},
	Howpublished = {\url{http://www.vishay.com/landingpage/50year/sprague.html}},
	Key = {Sprague},
	Keywords = {Sprague, Tantalum, Capacitor, History},
	Lastchecked = {5/3/2014},
	Title = {Sprague 50 Year Timeline},
	Url = {http://www.vishay.com/landingpage/50year/sprague.html},
	Bdsk-Url-1 = {http://www.vishay.com/landingpage/50year/sprague.html}}

@misc{charTant,
	Annote = {http://trs-new.jpl.nasa.gov/dspace/bitstream/2014/41683/1/10-12.pdf},
	Author = {Krik K. Reed},
	Date-Added = {2014-05-03 15:43:49 +0000},
	Date-Modified = {2014-05-03 17:03:18 +0000},
	Keywords = {Capacitor, Tantalum},
	Title = {Characterization of Tantalum Polymer Capacitors},
	Url = {http://trs-new.jpl.nasa.gov/dspace/bitstream/2014/41683/1/10-12.pdf},
	Year = {2005},
	Bdsk-Url-1 = {http://trs-new.jpl.nasa.gov/dspace/bitstream/2014/41683/1/10-12.pdf}}

@article{histFerr,
	Annote = {http://display.kaist.ac.kr/SSP2011/History%20of%20Ferroelectrics[cross_newnham].pdf	},
	Author = {L. E. Cross and R. E Newnhan},
	Date-Added = {2014-05-03 12:56:55 +0000},
	Date-Modified = {2014-05-03 12:58:37 +0000},
	Journal = {Ceramics and Civilization},
	Keywords = {Capacitor, Ferroelectric materials},
	Number = {1},
	Pages = {20},
	Title = {History of Ferroelectrics},
	Volume = {3},
	Year = {1987}}

@book{piezCer,
	Author = {B. Jaffe and W.R Cook Jr. and H. Jaffe},
	Date-Added = {2014-04-28 22:51:32 +0000},
	Date-Modified = {2014-05-03 12:33:21 +0000},
	Keywords = {piezoelectric, capacitor, ceramic, barium titanate},
	Publisher = {Adacemic Press Ince (London) Ltd},
	Title = {Piezoelectric Ceramics},
	Year = {1971}}

@book{poorIntro,
	Author = {S. Pooranchandra and B. Sasikala and Afzal Khan},
	Date-Added = {2014-03-22 21:40:56 +0000},
	Date-Modified = {2014-03-22 21:44:21 +0000},
	Keywords = {Capacitor, Dielectric},
	Publisher = {FireWall Media},
	Title = {Introduction to Electrical , Electronics and Communication Engineering},
	Year = {2005}}

@inproceedings{steatite_hf,
	Author = {James M. Gleason},
	Booktitle = {Journal of the British Institution of Radio Engineers},
	Date-Added = {2014-03-22 18:19:44 +0000},
	Date-Modified = {2014-03-22 18:21:38 +0000},
	Keywords = {Capacitor, Dielectric, Steatite},
	Organization = {Institute of Radio Engineers},
	Title = {Steatite For High Frequency Insuation},
	Year = {1945}}

@book{cerDie,
	Annote = {http://books.google.com/books?hl=en&lr=&id=voW5TtVKH2UC&oi=fnd&pg=PR5&dq=steatite+dielectric+capacitor&ots=3BXjoS9Cgo&sig=lTjvAJi_nE3As_rftmBgC1hbNhA#v=onepage&q=steatite%20dielectric%20capacitor&f=false},
	Author = {J.M. Herbert},
	Date-Added = {2014-03-22 17:55:37 +0000},
	Date-Modified = {2014-03-22 17:58:33 +0000},
	Keywords = {Capacitor, Dielectric},
	Publisher = {Gordon and Breach Scientific Publishers},
	Title = {Ceramic Dielectrics in Capacitors},
	Year = {1985}}

@conference{cerSurvey,
	Author = {W. G. Robinson and E. C. Bloor},
	Booktitle = {Symposium on Insulating Materals},
	Date-Added = {2014-03-22 16:54:12 +0000},
	Date-Modified = {2014-03-22 16:59:17 +0000},
	Keywords = {Capacitor, Ceramics},
	Month = {March},
	Title = {A Survey of Electrical Ceramics},
	Year = {1952}}

@techreport{hyst_meas,
	Author = {Larry E. Mosely and Jason S. Schrader},
	Date-Added = {2014-03-01 19:47:11 +0000},
	Date-Modified = {2014-03-01 19:49:20 +0000},
	Institution = {Intel},
	Keywords = {Hysteresis, Capacitor},
	Title = {Hysteresis Measurements of Multi-Layer Ceramic Capacitors Using a Sawyer-Tower Circuit}}

@book{cerMaterials,
	Annote = {ISBN-13 978-0824740283},
	Date-Added = {2014-03-01 16:54:23 +0000},
	Date-Modified = {2014-03-01 16:57:51 +0000},
	Edition = {3},
	Editor = {Relva C. Buchanan},
	Keywords = {Ceramics},
	Month = {June},
	Publisher = {Marcel Dekker},
	Title = {Ceramic Materials for Electronics},
	Year = {2004}}

@article{cite-key,
	Date-Added = {2014-03-01 15:06:26 +0000},
	Date-Modified = {2014-03-01 15:06:26 +0000}}

@misc{atCer_tempCo,
	Annote = {Document # 001-927},
	Author = {Richard Fore},
	Date-Added = {2014-02-22 14:10:52 +0000},
	Date-Modified = {2014-02-22 14:14:26 +0000},
	Journal = {Circuit Designer's Notebook},
	Keywords = {Capacitor; ceramic capacitor, temperature},
	Lastchecked = {2/22/2014},
	Month = {January},
	Title = {Understanding Temperature Coefficients of Ceramics},
	Url = {http://www.atceramics.com/Userfiles/temp_coef.pdf},
	Urldate = {1/2005},
	Year = {2005},
	Bdsk-Url-1 = {http://www.atceramics.com/Userfiles/temp_coef.pdf}}

@misc{capSite_intro,
	Author = {Douglas Adams},
	Date-Added = {2014-02-01 18:11:55 +0000},
	Date-Modified = {2014-02-01 18:21:38 +0000},
	Keywords = {Capacitor},
	Lastchecked = {2/1/2014},
	Month = {September},
	Title = {Introduction to Capacitors},
	Url = {http://my.execpc.com/~endlr/},
	Urldate = {9/14/2009},
	Year = {2009},
	Bdsk-Url-1 = {http://my.execpc.com/~endlr/}}

@book{elec_inv,
	Annote = {ISBN B005EPVBX6},
	Author = {Paul Scherz},
	Date-Added = {2014-02-01 18:09:38 +0000},
	Date-Modified = {2014-02-01 18:18:14 +0000},
	Edition = {2},
	Keywords = {Electronics},
	Month = {November},
	Publisher = {McGraw-Hill},
	Title = {Practical Electronics for Inventors},
	Year = {2006}}

@book{disc_comp,
	Annote = {ISBN 978-0521234702},
	Author = {F. F. Mazda},
	Date-Added = {2014-02-01 18:07:43 +0000},
	Date-Modified = {2014-02-01 18:18:35 +0000},
	Edition = {1},
	Keywords = {Electronics},
	Month = {October},
	Publisher = {Cambridge University Press},
	Title = {Discrete Electronic Compenents},
	Year = {1921}}

@misc{rap_leak,
	Author = {Bob Pease},
	Date-Added = {2014-02-01 18:05:24 +0000},
	Date-Modified = {2014-02-01 18:22:46 +0000},
	Journal = {Electronic Design},
	Keywords = {Capacitor,Leakage},
	Lastchecked = {2/1/2014},
	Month = {March},
	Title = {What's all this Capacitor Leakage Stuff Anyhow},
	Url = {http://electronicdesign.com/analog/whats-all-capacitor-leakage-stuff-anyhow},
	Urldate = {5/28/2007},
	Year = {2007},
	Bdsk-Url-1 = {http://electronicdesign.com/analog/whats-all-capacitor-leakage-stuff-anyhow}}

@misc{rap_da2,
	Author = {Bob Pease},
	Date-Added = {2014-02-01 18:03:52 +0000},
	Date-Modified = {2014-02-01 18:22:25 +0000},
	Keywords = {Capacitor, Dielectric Absorption},
	Lastchecked = {2/1/2014},
	Month = {September},
	Title = {Understand Capacitor Soakage to Optimize Analy Systems},
	Url = {http://www.datasheetarchive.com/files/national/htm/nsc03883.htm},
	Urldate = {2001},
	Year = {2001},
	Bdsk-Url-1 = {http://www.datasheetarchive.com/files/national/htm/nsc03883.htm}}

@misc{rap_da,
	Author = {Bob Pease}}

@misc{radio_mica,
	Author = {Ian Poole},
	Date-Added = {2014-02-01 18:00:29 +0000},
	Date-Modified = {2014-10-12 12:57:28 +0000},
	Howpublished = {\url{http://www.radio-electronics.com/info/data/capacitor/silver-mica-capacitor.php}},
	Keywords = {Capacitor, Mica},
	Title = {Silver Mica Capacitor},
	Url = {http://www.radio-electronics.com/info/data/capacitor/silver-mica-capacitor.php},
	Bdsk-Url-1 = {http://www.radio-electronics.com/info/data/capacitor/silver-mica-capacitor.php%22}}

@misc{anal_capProps,
	Author = {Steve Guinta},
	Date-Added = {2014-02-01 17:58:59 +0000},
	Date-Modified = {2014-02-01 18:21:12 +0000},
	Keywords = {Capacitor},
	Lastchecked = {2/1/2014},
	Title = {Ask the Applications Engineer - 21},
	Url = {http://www.analog.com/library/analogDialogue/Anniversary/21.html},
	Year = {2014},
	Bdsk-Url-1 = {http://www.analog.com/library/analogDialogue/Anniversary/21.html}}

@misc{capGuide_mica,
	Date-Added = {2014-02-01 17:57:18 +0000},
	Date-Modified = {2015-06-26 22:13:52 +0000},
	Howpublished = {\url{http://www.capacitorguide.com/mica-capacitor/}},
	Key = {capGuide_mica},
	Keywords = {Capacitor, Mica},
	Lastchecked = {2/1/2014},
	Title = {What Are Mica Capacitors?},
	Url = {http://www.capacitorguide.com/mica-capacitor/},
	Year = {2014},
	Bdsk-Url-1 = {http://www.capacitorguide.com/mica-capacitor/}}

@book{hh,
	Author = {Paul Horowitz, Winfield Hill},
	Date-Added = {2015-06-23 20:10:00 +0000},
	Date-Modified = {2015-06-23 20:10:00 +0000},
	Edition = {3},
	Keywords = {Electronics},
	Publisher = {Cambridge University Press},
	Title = {The Art of Electronics},
	Year = {2015}}

@book{hh2,
	Author = {Paul Horowitz, Winfield Hill},
	Date-Added = {2014-02-01 17:54:25 +0000},
	Date-Modified = {2015-06-24 00:09:39 +0000},
	Edition = {2},
	Keywords = {Electronics},
	Publisher = {Cambridge University Press},
	Title = {The Art of Electronics},
	Year = {1989}}

@misc{uiowa_mica,
	Author = {A. Kruger},
	Date-Added = {2014-02-01 17:52:38 +0000},
	Date-Modified = {2014-02-01 18:22:41 +0000},
	Lastchecked = {2/1/2014},
	Title = {What is a Mica Capacitor?},
	Url = {http://old.iihr.uiowa.edu/~hml/people/kruger/Publications/ChipCenter/micacap.pdf},
	Year = {2004},
	Bdsk-Url-1 = {http://old.iihr.uiowa.edu/~hml/people/kruger/Publications/ChipCenter/micacap.pdf}}

@misc{learn_caps,
	Date-Added = {2014-02-01 17:51:32 +0000},
	Date-Modified = {2014-02-01 18:21:46 +0000},
	Howpublished = {\url{http://www.learningaboutelectronics.com/Articles/Types-of-capacitors}},
	Key = {learn_caps},
	Keywords = {Electronics},
	Lastchecked = {2/1/2014},
	Title = {Learning About Electronics},
	Url = {http://www.learningaboutelectronics.com/Articles/Types-of-capacitors},
	Bdsk-Url-1 = {http://www.learningaboutelectronics.com/Articles/Types-of-capacitors}}

@misc{tedds_mica,
	Date-Added = {2014-02-01 17:50:11 +0000},
	Date-Modified = {2014-02-01 18:21:33 +0000},
	Howpublished = {\url{http://www.tedss.com/LearnMore/Mica-Capacitors}},
	Key = {tedds_mica},
	Keywords = {Capacitor,Mica},
	Title = {Electronic Components - Dipped Mica Capacitors},
	Url = {http://www.tedss.com/LearnMore/Mica-Capacitors},
	Urldate = {2/1/2014},
	Bdsk-Url-1 = {http://www.tedss.com/LearnMore/Mica-Capacitors}}

@misc{wiki_mica,
	Date-Added = {2014-02-01 17:48:50 +0000},
	Date-Modified = {2014-02-01 18:22:10 +0000},
	Howpublished = {\url{http://en.wikipedia.org/wiki/Silver_mica_capacitor}},
	Key = {wiki_mica},
	Keywords = {Capacitor, Mica},
	Lastchecked = {2/1/2014},
	Month = {January},
	Title = {Silver Mica Capacitor},
	Url = {http://en.wikipedia.org/wiki/Silver_mica_capacitor},
	Year = {2014},
	Bdsk-Url-1 = {http://en.wikipedia.org/wiki/Silver_mica_capacitor}}

@book{dumInv,
	Annote = {http://archive.org/stream/electronicinvent14gwad/electronicinvent14gwad_djvu.txt},
	Author = {G W A Dummer},
	Date-Added = {2014-02-01 17:48:02 +0000},
	Date-Modified = {2014-03-22 17:21:25 +0000},
	Publisher = {Institute of Physics Publishing},
	Title = {Electronics Inventions and Discoveries},
	Year = {1997}}

@book{empLight,
	Author = {Jill Jonnes},
	Date-Added = {2014-02-01 17:47:18 +0000},
	Date-Modified = {2014-02-01 17:47:56 +0000},
	Keywords = {Electricity},
	Publisher = {Random House},
	Title = {Empires of Light},
	Year = {2003}}

@article{leon_cap,
	Author = {Leon Podolsky},
	Date-Added = {2014-02-01 17:45:52 +0000},
	Date-Modified = {2014-02-01 17:47:07 +0000},
	Journal = {IRE},
	Month = {April},
	Pages = {924-928},
	Title = {Capacitors},
	Year = {1961}}

@article{deis_hist,
	Annote = {doi={10.1109/MEI.2010.5383924},
ISSN={0883-7554}},
	Author = {Ho, J. and Jow, T.R. and Boggs, S.},
	Date-Added = {2014-02-01 17:42:49 +0000},
	Date-Modified = {2014-02-01 17:45:10 +0000},
	Journal = {Electrical Insulation Magazine, IEEE},
	Keywords = {ceramic capacitors;electrolytic capacitors;capacitor history;capacitor technology;ceramic capacitor;electric double layer capacitor;electrochemical capacitor;electrolytic capacitor;impregnated foil-polymer film;metalized film;Capacitors;Ceramics;Paper technology;Supercapacitors;Voltage;capacitor;capacitor history;ceramic capacitor;double layer capacitor;electrochemical capacitor;film capacitor},
	Month = {January},
	Number = {1},
	Pages = {20-25},
	Title = {Historical introduction to capacitor technology},
	Volume = {26},
	Year = {2010}}

@misc{wws_hist,
	Author = {Henry Smith Willams},
	Date-Added = {2014-02-01 17:40:55 +0000},
	Date-Modified = {2014-02-01 18:20:27 +0000},
	Keywords = {Capacitor},
	Lastchecked = {2/1/2014},
	Title = {A History of Science Volume II - The Leyden Jar Discovered},
	Url = {http://www.worldwideschool.org/library/books/sci/history/AHistoryofScienceVolumeII/chap49.html},
	Bdsk-Url-1 = {http://www.worldwideschool.org/library/books/sci/history/AHistoryofScienceVolumeII/chap49.html}}

@misc{ieee_hist,
	Date-Added = {2014-02-01 17:39:40 +0000},
	Date-Modified = {2014-02-23 23:49:33 +0000},
	Howpublished = {\url{http://www.ieeeghn.org/wiki/index.php/Capacitors}},
	Key = {ieee_hist},
	Keywords = {Capacitor},
	Lastchecked = {2/1/2014},
	Title = {Capacitors},
	Url = {http://www.ieeeghn.org/wiki/index.php/Capacitors},
	Bdsk-Url-1 = {http://www.ieeeghn.org/wiki/index.php/Capacitors}}

@webpage{oracle,
	Author = {Istvan Novak, Kendrick Barry Williams, Jason R. Miller, Gustavo Blando, Nathaniel Shannon},
	Date-Added = {2014-02-01 17:36:51 +0000},
	Date-Modified = {2014-02-01 17:39:18 +0000},
	Keywords = {Capacitor, Bias,},
	Lastchecked = {2/1/2014},
	Month = {September},
	Title = {DC and AC Bias Dependence of Capaciors},
	Url = {http://www.electrical-integrity.com/Paper_download_files/DCE11_200_slides.pdf},
	Urldate = {9/27/2011},
	Year = {2011},
	Bdsk-Url-1 = {http://www.electrical-integrity.com/Paper_download_files/DCE11_200_slides.pdf}}

@misc{mur_mlcc_cirDes,
	Author = {Murata},
	Date-Added = {2014-02-01 17:33:08 +0000},
	Date-Modified = {2014-02-01 18:21:26 +0000},
	Keywords = {MLCC, Capacitor},
	Lastchecked = {2/1/2014},
	Title = {Circuit Design Using Monolithic Ceramic Capacitors}}

@misc{murVolChar,
	Author = {Murata},
	Date-Added = {2014-02-01 17:28:28 +0000},
	Date-Modified = {2014-02-01 18:22:19 +0000},
	Keywords = {Capacitor},
	Lastchecked = {2/1/2014},
	Title = {The Voltage Characteristics of Electrostatic Capacitance},
	Url = {http://www.murata.com/products/emicon_fun/2012/11/cap_en28.html},
	Urldate = {11/28/2012},
	Year = {2012},
	Bdsk-Url-1 = {http://www.murata.com/products/emicon_fun/2012/11/cap_en28.html}}

@article{hist_cerFilt,
	Author = {Fujishima, S.},
	Doi = {10.1109/58.818743},
	Issn = {0885-3010},
	Journal = {Ultrasonics, Ferroelectrics and Frequency Control, IEEE Transactions on},
	Keywords = {acoustic transducers;piezoceramics;surface acoustic wave filters;capacitors;ceramic filters;mass production technology;monolithic resonators;piezoelectric ceramics;surface acoustic wave filters;vibration modes;Barium;Ceramics;Crystalline materials;Ferroelectric materials;Filters;History;Lead;Piezoelectric transducers;Temperature;Titanium compounds},
	Month = {Jan},
	Number = {1},
	Pages = {1-7},
	Title = {The history of ceramic filters},
	Volume = {47},
	Year = {2000},
	Bdsk-Url-1 = {http://dx.doi.org/10.1109/58.818743}}

@article{intro_cerCaps,
	Author = {Ming-Jen Pan and Randall, Clive A.},
	Date-Modified = {2014-02-24 02:09:14 +0000},
	Doi = {10.1109/MEI.2010.5482787},
	Issn = {0883-7554},
	Journal = {Electrical Insulation Magazine, IEEE},
	Keywords = {ceramic capacitors;dielectric properties;power capacitors;MLCC;dielectric materials technology;dielectric stability;innovative packaging;multilayer ceramic capacitor;power electronic capacitors;pulse electronic capacitors;Capacitors;Ceramics industry;Consumer electronics;Costs;Defense industry;Dielectrics;Electronics industry;Manufacturing industries;Nonhomogeneous media;Power electronics;MLCC, multilayer ceramic capacitor, ceramic capacitor, BaTiO3, barium titanate},
	Month = {May},
	Number = {3},
	Pages = {44-50},
	Title = {A brief introduction to ceramic capacitors},
	Url = {http://ieeexplore.ieee.org/xpl/articleDetails.jsp?tp=&arnumber=5482787&queryText%3D0883-7554+ceramic+capacitor},
	Volume = {26},
	Year = {2010},
	Bdsk-Url-1 = {http://dx.doi.org/10.1109/MEI.2010.5482787}}

@article{capRev,
	Author = {Sarjeant, W.J. and Zirnheld, J. and MacDougall, F.W.},
	Doi = {10.1109/27.736020},
	Issn = {0093-3813},
	Journal = {Plasma Science, IEEE Transactions on},
	Keywords = {capacitor storage;capacitors;electrolytic capacitors;fault tolerance;power electronics;reliability;uninterruptible power supplies;advanced manufacturing techniques;capacitor;component performance;diagnostic methodologies;electrically energized fusion research machines;electrochemical chemical double layer capacitors;electrolytes;electrolytic capacitors;electronics filtering;energy density;energy discharge applications;fail-safe surface mount configurations;fault tolerance;formation processes;high energy pulse applications;high frequency mica capacitor technology;high power electronics;industrial switched mode power supply;inverters;lifecycle performance;mobile power systems;motor drive;motor drives;multichip module switching;multimicrofarad value solid tantalum capacitors;multisecond energy reservoir applications;next generation simulators;performance;planarized interconnections;plasma science;power conditioning system;power density;power electronics;power quality systems;prismatic geometry;reliability;resonant energy transfer applications;solid state switching technologies;subcomponents;uninterruptible power sources;very high energy storage applications;Capacitors;Costs;Energy storage;Frequency;Motor drives;Power conditioning;Power electronics;Surface discharges;Surface resistance;Switched-mode power supply},
	Month = {Oct},
	Number = {5},
	Pages = {1368-1392},
	Title = {Capacitors},
	Volume = {26},
	Year = {1998},
	Bdsk-Url-1 = {http://dx.doi.org/10.1109/27.736020}}
